@misc{tullius1914finibus,
  title={De Finibus Bonorum et Malorum},
  author={Tullius Cicero, M},
  year={1914},
  publisher={Heinemann: London}
}

@misc{WikiBeamerJa,
    title={{Beamer} - {Wikipedia}},
    url={https://ja.wikipedia.org/wiki/Beamer},
    year={2023},
}
@misc{WikiBeamerEn,
    title={{Beamer} - {Wikipedia}},
    url={https://en.wikipedia.org/wiki/Beamer_(LaTeX)},
    year={2023},
}

@misc{WikiTikZEn,
    title={{PGF/TikZ} - {Wikipedia}},
    url={https://en.wikipedia.org/wiki/PGF/TikZ},
    year={2023},
}

@article{tikz-3dplot,
    title={The tikz-3dplot Package},
    author={Jeff Hein},
    year={2012},
    journal={CTAN},
    url={https://tikz3dplot.wordpress.com/},
}

@article{tikz-manual,
    title={{The TikZ and PGF Packages}},
    author={Till Tantau},
    year={2023},
    journal={CTAN},
    publisher={Institut für Theoretische Informatik Universität zu Lübeck},
    url={https://tikz.dev/}
}

@misc{tikz-topo,
    title={{TikZ でこけし・Barnsley fern・トポロジカル欠陥}},
    author={Physics Lab. 2022},
    url={https://event.phys.s.u-tokyo.ac.jp/physlab2022/posts/12/}
}

@misc{topo,
    title={トポロジカル欠陥と生命現象},
    author={王方成},
    year={2022},
    url={https://event.phys.s.u-tokyo.ac.jp/physlab2022/pdf/bp-article06.pdf}
}

@misc{beamer-gallery,
    title={Beamer theme gallery},
    url={https://deic.uab.cat/~iblanes/beamer_gallery/index.html},
    year={2023}
}
@misc{beamer-theme-matrix,
    title={Beamer theme matrix},
    url={https://hartwork.org/beamer-theme-matrix/},
    year={2023}
}
@misc{ultimate-beamer-theme,
    title={The Ultimate Beamer Theme List},
    url={https://github.com/martinbjeldbak/ultimate-beamer-theme-list},
    year={2023}
}
@misc{qiita-beamer-theme,
    title={{LaTeX Beamerの``Beamerらしく''ないおすすめテーマ集}},
    url={https://qiita.com/hiterm/items/70cbb488e7a87cd9e228},
    year={2020}
}