@online{TeXwiki,
  title   = "{\TeX\ Wiki}",
  url     = "https://texwiki.texjp.org/",
  urldate = "2022-10-25"
}

@online{KnuthHP,
    title = "{Don Knuth's home page}",
    url   = "https://www-cs-faculty.stanford.edu/~knuth/",
    urldate = "2022-10-26",
}

@online{TeXdiff_wtsnjp,
    title = {\TeX と\LaTeX の違い - ラング・ラグー},
    url   = "https://blog.wtsnjp.com/2016/12/19/tex-and-latex/",
    urldate = "2022-10-26",
}

@online{Typesetting_Wikipedia,
    title = "{組版 - Wikipedia}",
    url   = "https://ja.wikipedia.org/wiki/%E7%B5%84%E7%89%88",
    urldate = "2022-10-25"
}

@online{LaTeX_TeXWiki,
    title = "{\LaTeX - \TeX\ Wiki}",
    url   = "https://texwiki.texjp.org/LaTeX#f2915fa5",
    urldate = "2022-10-26",
}

@online{ConTeXt_TeXWiki,
    title = "{\ConTeXt\ - \TeX\ Wiki}",
    url   = "https://texwiki.texjp.org/?ConTeXt",
    urldate = "2022-10-26",    
}

@online{Unicode_Wikipedia,
    title = "{Unicode - Wikipedia}",
    url   = "https://ja.wikipedia.org/wiki/Unicode",
    urldate = "2022-10-26",    
}

@online{XeTeX_nopoleos,
    title = "{\XeLaTeX で日本語する件について}",
    url   = "http://zrbabbler.sp.land.to/xelatex.html",
    urldate = "2022-10-26",
}
@online{XeTeX_Wikipedia,
    title = "{\XeTeX\ - Wikipedia}",
    url   = "https://ja.wikipedia.org/wiki/XeTeX",
    urldate = "2022-10-26",    
}
@online{XeTeX_TeXWiki,
    title = "{\XeTeX\ - \TeX\ Wiki}",
    url = "https://texwiki.texjp.org/?XeTeX",
    urldate = "2022-10-27",
}

@book{幸田1987雲,
    title = "{雲のいろいろ}",
    author = "幸田露伴",
    year = 1987,
    publisher = "反省雜誌",
}

@misc{八登2010日本人,
    title = "{日本人の知らない\TeX}",
    author = "八登崇之",
    year = 2010,
}

@article{師茂樹2009unicode,
  title={Unicode とのつきあい方―漢字文化圏を中心に―},
  author={師茂樹},
  journal={コンピュータ \& エデュケーション},
  volume={27},
  pages={12--17},
  year={2009},
  publisher={一般社団法人 CIEC}
}

@article{reutenauer2008brief,
  title={A brief history of TEX, volume II},
  author={Reutenauer, Arthur},
  journal={EuroBachoTEX 2007},
  pages={68},
  year={2008}
}

@online{DVI_Wikipedia,
    title="{DVI - Wikipedia}",
    url="https://ja.wikipedia.org/wiki/DVI_(%E3%83%95%E3%82%A1%E3%82%A4%E3%83%AB%E3%83%95%E3%82%A9%E3%83%BC%E3%83%9E%E3%83%83%E3%83%88)",
    urldate="2022-10-27",
}

@online{loop_Qiita,
    title = "{\LaTeX のの相互参照はいつでも解決（収束）するのか？}",
    url="https://qiita.com/kuroky_plus/items/28fc1f4e5610aa5c956e",
    urldate="2022-10-27",
}

@online{PostScript_Wikipedia,
    title="{PostScript - Wikipedia}",
    url = "https://ja.wikipedia.org/wiki/PostScript",
    urldate = "2022-10-27",
}

@online{TeXあれこれ_雑記帳,
    title="{TeXの実行あれこれ - 雑記帳}",
    url="https://blog.miz-ar.info/2016/12/running-tex/",
    urldate="2022-10-27",
}

@online{TeXLive_Acetaminophen,
    title="{TeX Live をホンキで語る - Acetaminophen's diary}",
    url="https://acetaminophen.hatenablog.com/entry/texadvent2016-20161205#main-7",
    urldate="2022-10-27",
}

@online{参考文献_星野,
    title="{参考文献の書き方 - 星野光}",
    url="https://www.eng.u-hyogo.ac.jp/faculty/hoshino/pc/latex/bibtex/",
    urldate="2022-10-27",
}

@online{LaTeXcompile_Yamamoto,
    title="{LaTeX コンパイル等 - Yamamoto's Laboratory}",
    url="http://www.yamamo10.jp/yamamoto/comp/latex/run/run.php",
    urldate="2022-10-27",
}

@online{JPLaTeX_Yato,
    title="{「日本語LaTeX」が多すぎる件について}",
    url="https://www.slideshare.net/zr-tex8r/latex-239371115",
    urldate="2022-10-30",
}

@online{LuaTeX_notslow,
    title="{LuaTeXが実はそんなに遅くないかも知れない件 - マクロツイーター}",
    url="https://zrbabbler.hatenablog.com/entry/20170730/1501402087",
    urldate="2022-10-30"
}

@online{pLaTeX_danger,
    title="{pLaTeXが本格的にやばいかもという話 - Acetaminophen's diary}",
    url="https://acetaminophen.hatenablog.com/entry/2021/06/18/022108",
    urldate="2022-10-30",
}

@online{llmk_Workshop,
    title="{LaTeX Workshopでllmkしてみたらアレだった件}",
    url="https://zrbabbler.hatenablog.com/entry/2020/09/23/190840",
    urldate="2022-10-30",
}

@online{Biber_Wikipedia,
    title="{Biber (LaTeX) - Wikipedia}",
    url="https://en.wikipedia.org/wiki/Biber_(LaTeX)",
    urldate="2022-10-30",
}

@online{Lua_Wikipedia,
    title="{Lua - Wikipedia}",
    url="https://ja.wikipedia.org/wiki/Lua",
    urldate="2023-9-16",
}

@online{Lua_intro,
    title="{高速スクリプト言語[Lua]を始めよう}",
    url="https://ie.u-ryukyu.ac.jp/~e085739/lua.hajime.html",
    urldate="2023-9-16",
}

@online{Luaコツ,
    title="{徹底攻略！ LuaLaTeXでLuaコードを「書く」ためのコツ}",
    url="https://qiita.com/zr_tex8r/items/af2905bc93ac2c936a67",
    urldate="2023-9-16",
}

@online{プログラミングwtTeX,
    title="{TeXで使うプログラミング言語まとめ}",
    url="https://zenn.dev/k16/articles/e7690b036e534c#luatex%E3%81%AElua",
    urldate="2023-9-16",
}

@online{pattern_syn_lua,
    title="{Pattern syntax using luacode}",
    url="https://tex.stackexchange.com/questions/499915/pattern-syntax-using-luacode",
    urldate="2023-9-16",
}

@online{Lua_challenge,
    title="{思わずLuaでLaTeXしてみた}",
    url="http://zrbabbler.sp.land.to/lualatexlua.html",
    urldate="2023-9-16",
}

@online{spacing_in_LaTeX,
    title="{spacing in LaTeX}",
    url="https://www.sascha-frank.com/spacing.html",
    urldate="2023-9-16",
}

@article{layout_doc,
    title="{Displaying page layout variables}",
    author="Kent McPherson",
    year="2021",
    url="https://ftp.jaist.ac.jp/pub/CTAN/macros/latex/required/tools/layout.pdf",
    urldate="2023-9-16",
}

@online{LaTeX_length_WikiBooks,
    title="{LaTeX/Lengths - Wikibooks}",
    url="https://en.wikibooks.org/wiki/LaTeX/Lengths",
    urldate="2023-9-16",
}

@online{pLaTeX_pinch,
    title="{【詳細】どうしてpLaTeXはLaTeX3でピンチになるのか - LuaLaTeX Lab}",
    url="https://lualatexlab.blog.fc2.com/blog-entry-44.html",
    urldate="2023-9-16",
}

@online{Req4JapTex,
    title="{日本語組版処理の要件（日本語版）}",
    url="https://www.w3.org/TR/2020/NOTE-jlreq-20200811/", 
    urldate="2023-9-16",   
}

@online{JIS_X_4051,
    title="{JIS X 4051 - Wikipedia}",
    url="https://ja.wikipedia.org/wiki/JIS_X_4051",
    urldate="2023-9-16",
}

@online{documentclass_list,
    title="{標準的なクラスファイルの一覧 - \TeX Wiki}",
    url="https://texwiki.texjp.org/?%E3%82%AF%E3%83%A9%E3%82%B9%E3%83%95%E3%82%A1%E3%82%A4%E3%83%AB%E4%B8%80%E8%A6%A7",
    urldate="2023-9-16",
}

@online{LaTeX_are,
    title="{LaTeX の「アレなデフォルト」 傾向と対策 - Qiita}",
    url="https://qiita.com/zr_tex8r/items/297154ca924749e62471",
    urldate="2023-9-16",
}

@article{jscls_doc,
    title="{\LaTeXe 新ドキュメントクラス}",
    author="奥村晴彦",
    year="2023",
    url="https://mirror.math.princeton.edu/pub/CTAN/macros/jptex/latex/jsclasses/jsclasses.pdf",
    urldate="2023-9-16",
}